@book{Hop06,
	 author = {Hopcroft, John E. and Motwani, Rajeev and Ullman, Jeffrey D.},
	 title = {Introduction to Automata Theory, Languages, and Computation (3rd Edition)},
 	year = {2006},
	 isbn = {0321455363},
	 publisher = {Addison-Wesley Longman Publishing Co., Inc.},
	 address = {Boston, MA, USA},
} 

@phdthesis{Ser11,
	title = {Visibly Pushdown Transducers},
	author = {Fr\'ed\'eric Servais},
	year = {2011},
	school = {Universit\'e Libre de Bruxelles},
}

@article{Bea02,
	title = "Determinization of transducers over finite and infinite words ",
	journal = "Theoretical Computer Science ",
	volume = "289",
	number = "1",
	pages = "225 - 251",
	year = "2002",
	issn = "0304-3975",
	doi = "http://dx.doi.org/10.1016/S0304-3975(01)00271-7",
	url = "http://www.sciencedirect.com/science/article/pii/S0304397501002717",
	author = "Marie-Pierre Béal and Olivier Carton",
}

@article{Bea03,
	title = "Squaring transducers: an efficient procedure for deciding functionality and sequentiality ",
	journal = "Theoretical Computer Science ",
	volume = "292",
	number = "1",
	pages = "45 - 63",
	year = "2003",
	issn = "0304-3975",
	doi = "http://dx.doi.org/10.1016/S0304-3975(01)00214-6",
	url = "http://www.sciencedirect.com/science/article/pii/S0304397501002146",
	author = "Marie-Pierre Béal and Olivier Carton and Christophe Prieur and Jacques Sakarovitch",
}

@article{Sch75,
    
    title = "Sur les relations rationnelles",
    journal = "Automata Theory and Formal Languages",
    volume = "33",
    pages = "209–213",
    year = "1975",
    author = "Marcel Paul Schützenberger",
}

@article{Gi83,

    year = {1983},
    issn = {0025-5661},
    journal = {Mathematical systems theory},
    volume = {16},
    number = {1},
    doi = {10.1007/BF01744569},
    title = {A note on finite-valued and finitely ambiguous transducers},
    url = {http://dx.doi.org/10.1007/BF01744569},
    publisher = {Springer-Verlag},
    author = {Gurari, Eitan M. and Ibarra, Oscar H.},
    pages = {61-66},
    language = {English}
}

@article{Cho77,

    title = "Une caracterisation des fonctions séquentielles et des fonctions sous-séquentielles en tant que relations rationnelles ",
    journal = "Theoretical Computer Science ",
    volume = "5",
    number = "3",
    pages = "325 - 337",
    year = "1977",
    note = "",
    issn = "0304-3975",
    doi = "http://dx.doi.org/10.1016/0304-3975(77)90049-4",
    url = "http://www.sciencedirect.com/science/article/pii/0304397577900494",
    author = "Christian Choffrut"
}

@book{Ber85,

  	title={Theory of codes},
 	 author={Berstel, Jean and Perrin, Dominique and others},
 	 volume={22},
 	 year={1985},
  	publisher={Academic Press New York}
}

@article{Wk95,

    author = {Weber, Andreas and Klemm, Reinhard},
    title = {Economy of Description for Single-valued Transducers},
    journal = {Inf. Comput.},
    issue_date = {May 1, 1995},
    volume = {118},
    number = {2},
    month = may,
    year = {1995},
    issn = {0890-5401},
    pages = {327--340},
    numpages = {14},
    url = {http://dx.doi.org/10.1006/inco.1995.1071},
    doi = {10.1006/inco.1995.1071},
    acmid = {203531},
    publisher = {Academic Press, Inc.},
    address = {Duluth, MN, USA},
}

@article{Am03,

    author = {Allauzen, Cyril and Mohri, Mehryar},
    title = {Efficient Algorithms for Testing the Twins Property},
    journal = {J. Autom. Lang. Comb.},
    issue_date = {April 2003},
    volume = {8},
    number = {2},
    month = apr,
    year = {2003},
    issn = {1430-189X},
    pages = {117--144},
    numpages = {28},
    url = {http://dl.acm.org/citation.cfm?id=873977.873979},
    acmid = {873979},
    publisher = {Otto-von-Guericke-Universitat},
    address = {Magdeburg, Germany, Germany},
} 

@article{Gri68,

    author    = {Timothy V. Griffiths},
    title     = {The Unsolvability of the Equivalence Problem for Lambda-Free Nondeterministic Generalized Machines},
    journal   = {J. {ACM}},
    volume    = {15},
    number    = {3},
    pages     = {409--413},
    year      = {1968},
    url       = {http://doi.acm.org/10.1145/321466.321473},
    doi       = {10.1145/321466.321473},
    biburl    = {http://dblp2.uni-trier.de/rec/bib/journals/jacm/Griffiths68},
    bibsource = {dblp computer science bibliography, http://dblp.org}
}

@book{Ber79,

    title={Transductions and context-free languages},
    author={Berstel, J.},
    isbn={9783519023401},
    lccn={80503672},
    series={Leitf{\"a}den der angewandten Mathematik und Mechanik},
    url={https://books.google.fr/books?id=-5UZAQAAIAAJ},
    year={1979},
    publisher={Teubner}
}

@article{Em65,

    author =	 {Calvin C. Elgot and John E. Mezei},
    title =	 {On relations defined by generalized finite automata},
    journal =	 {IBM J. Res. and Develop.},
    volume =	 9,
    pages =	 {47--68},
    year =	 1965,
}

@TechReport {AMV13,

	author       = {Loris D'Antoni and Margus Veanes},
	month        = {January},
	number       = {MSR-TR-2013-4},
	publisher    = {Microsoft Research},
	title        = {Equivalence of Extended Symbolic Finite Transducers},
	url          = {http://research.microsoft.com/apps/pubs/default.aspx?id=179923},
	year         = {2013},
}


@incollection{Sou09,

    year={2009},
    isbn={978-3-642-02736-9},
    booktitle={Developments in Language Theory},
    volume={5583},
    series={Lecture Notes in Computer Science},
    editor={Diekert, Volker and Nowotka, Dirk},
    doi={10.1007/978-3-642-02737-6_39},
    title={On the Decidability of the Equivalence for a Certain Class of Transducers},
    url={http://dx.doi.org/10.1007/978-3-642-02737-6_39},
    publisher={Springer Berlin Heidelberg},
    author={de Souza, Rodrigo},
    pages={478-489},
    language={English}
}